@article{adepu2022tenws,
  title={TeNWs/Ti3C2T x Nanohybrid-Based Flexible Pressure Sensors for Personal Safety Applications Using Morse Code},
  author={Adepu, Vivek and Tathacharya, Manav and CS, Raghuram and Mattela, Venkat and Sahatiya, Parikshit},
  journal={ACS Applied Nano Materials},
  volume={5},
  number={12},
  pages={18209--18219},
  year={2022},
  publisher={ACS Publications}
}
