@article{gong2023legged,
  title={Legged robots for object manipulation: A review},
  author={Gong, Yifeng and Sun, Ge and Nair, Aditya and Bidwai, Aditya and CS, Raghuram and Grezmak, John and Sartoretti, Guillaume and Daltorio, Kathryn A},
  journal={Frontiers in Mechanical Engineering},
  volume={9},
  pages={1142421},
  year={2023},
  publisher={Frontiers}
}
