@inproceedings{raghuram2021shallow,
  title={Shallow Depth SIFT Based Approach for Mapping underwater surfaces using AUV's},
  author={RAGHURAM, CS and Sadineni, Sai Anoop},
  booktitle={2021 21st International Conference on Control, Automation and Systems (ICCAS)},
  pages={1180--1184},
  year={2021},
  organization={IEEE}
}
