@article{adepu2023mxene,
  title={MXene (Ti3C2T x)/TMD (ReSe2) nanohybrid-based flexible electromechanical sensors for cervical collar strain and shoulder load detection applications},
  author={Adepu, Vivek and Tathacharya, Manav and Raghuram, CS and Sahatiya, Parikshit},
  journal={Journal of Micromechanics and Microengineering},
  volume={33},
  number={11},
  pages={115007},
  year={2023},
  publisher={IOP Publishing}
}
