@article{halldevelopment,
  title={Development of TeNWs/MXene (Ti 3 C 2 T x) Nanohybrid-Based Flexible Piezoresistive Pressure Sensor for Wireless Safety Communication Using Morse Code},
  author={Hall, A and Adepu, Vivek and Tathacharya, Manav and Raghuram, CS and Sahatiya, Parikshit}
}
